<?xml version="1.0" encoding="UTF-8"?><collection xmlns="http://www.loc.gov/MARC21/slim"><record><leader>00318nam--2200133-i-4500</leader><controlfield tag="001">000024482</controlfield><controlfield tag="002">20161230</controlfield><controlfield tag="005">20161230201035</controlfield><controlfield tag="008">060222s1000------------r-----000-0-eng-d</controlfield><datafield ind1=" " ind2=" " tag="080"><subfield code="a">53(07)</subfield></datafield><datafield ind1=" " ind2=" " tag="245"><subfield code="a">Handbuch der physik. geophysik iii.teil 5</subfield></datafield><datafield ind1=" " ind2=" " tag="260"><subfield code="a">Berlin, Springer-verlag</subfield></datafield><datafield ind1=" " ind2=" " tag="700"><subfield code="a">Flugge, S</subfield></datafield><datafield ind1=" " ind2=" " tag="852"><subfield code="a">10740</subfield></datafield></record></collection>